
% Datasets
@article{obesity,
  title={Richness of human gut microbiome correlates with metabolic markers},
  author={Le Chatelier, Emmanuelle and Nielsen, Trine and Qin, Junjie and Prifti, Edi and Hildebrand, Falk and Falony, Gwen and Almeida, Mathieu and Arumugam, Manimozhiyan and Batto, Jean-Michel and Kennedy, Sean and others},
  journal={Nature},
  volume={500},
  number={7464},
  pages={541--546},
  year={2013},
  publisher={Nature Publishing Group}
}

@article{cirrhosis,
  title={Alterations of the human gut microbiome in liver cirrhosis},
  author={Qin, Nan and Yang, Fengling and Li, Ang and Prifti, Edi and Chen, Yanfei and Shao, Li and Guo, Jing and Le Chatelier, Emmanuelle and Yao, Jian and Wu, Lingjiao and others},
  journal={Nature},
  volume={513},
  number={7516},
  pages={59--64},
  year={2014},
  publisher={Nature Publishing Group}
}

@article{ibd,
  title={A human gut microbial gene catalogue established by metagenomic sequencing},
  author={Qin, Junjie and Li, Ruiqiang and Raes, Jeroen and Arumugam, Manimozhiyan and Burgdorf, Kristoffer Solvsten and Manichanh, Chaysavanh and Nielsen, Trine and Pons, Nicolas and Levenez, Florence and Yamada, Takuji and others},
  journal={nature},
  volume={464},
  number={7285},
  pages={59--65},
  year={2010},
  publisher={Nature Publishing Group}
}



% articles

@article{metapheno,
	title={MetaPheno: A critical evaluation of deep learning and machine learning in metagenome-based disease prediction},
	author={LaPierre, Nathan and Ju, Chelsea J-T and Zhou, Guangyu and Wang, Wei},
	journal={Methods},
	volume={166},
	pages={74--82},
	year={2019},
	publisher={Elsevier}
}

@article{metaml,
	title={Machine learning meta-analysis of large metagenomic datasets: tools and biological insights},
	author={Pasolli, Edoardo and Truong, Duy Tin and Malik, Faizan and Waldron, Levi and Segata, Nicola},
	journal={PLoS computational biology},
	volume={12},
	number={7},
	pages={e1004977},
	year={2016},
	publisher={Public Library of Science San Francisco, CA USA}
}

@article{framework_ml_microbiome,
	title={A framework for effective application of machine learning to microbiome-based classification problems},
	author={Top{\c{c}}uo{\u{g}}lu, Beg{\"u}m D and Lesniak, Nicholas A and Ruffin, Mack T and Wiens, Jenna and Schloss, Patrick D},
	journal={Mbio},
	volume={11},
	number={3},
	year={2020},
	publisher={Am Soc Microbiol}
}

@article{deepmicro,
	title={DeepMicro: deep representation learning for disease prediction based on microbiome data},
	author={Oh, Min and Zhang, Liqing},
	journal={Scientific reports},
	volume={10},
	number={1},
	pages={1--9},
	year={2020},
	publisher={Nature Publishing Group}
}

@article{micropro,
	title={MicroPro: using metagenomic unmapped reads to provide insights into human microbiota and disease associations},
	author={Zhu, Zifan and Ren, Jie and Michail, Sonia and Sun, Fengzhu},
	journal={Genome biology},
	volume={20},
	number={1},
	pages={1--13},
	year={2019},
	publisher={BioMed Central}
}

@article{genus,
	title={All genera of the world: an overview and estimates based on the March 2020 release of the Interim Register of Marine and Nonmarine Genera (IRMNG)},
	author={Rees, Tony and Vandepitte, Leen and Vanhoorne, Bart and Decock, Wim},
	journal={Megataxa},
	volume={1},
	number={2},
	pages={123--140},
	year={2020}
}




% software

@article{snakemake,
	title={Sustainable data analysis with Snakemake},
	author={M{\"o}lder, Felix and Jablonski, Kim Philipp and Letcher, Brice and Hall, Michael B and Tomkins-Tinch, Christopher H and Sochat, Vanessa and Forster, Jan and Lee, Soohyun and Twardziok, Sven O and Kanitz, Alexander and others},
	journal={F1000Research},
	volume={10},
	number={33},
	pages={33},
	year={2021},
	publisher={F1000 Research Limited}
}

@article{nfcore,
	title={The nf-core framework for community-curated bioinformatics pipelines},
	author={Ewels, Philip A and Peltzer, Alexander and Fillinger, Sven and Patel, Harshil and Alneberg, Johannes and Wilm, Andreas and Garcia, Maxime Ulysse and Di Tommaso, Paolo and Nahnsen, Sven},
	journal={Nature biotechnology},
	volume={38},
	number={3},
	pages={276--278},
	year={2020},
	publisher={Nature Publishing Group}
}

@article{nextflow,
	title={Nextflow enables reproducible computational workflows},
	author={Di Tommaso, Paolo and Chatzou, Maria and Floden, Evan W and Barja, Pablo Prieto and Palumbo, Emilio and Notredame, Cedric},
	journal={Nature biotechnology},
	volume={35},
	number={4},
	pages={316--319},
	year={2017},
	publisher={Nature Publishing Group}
}

@article{mpa3,
	title={Integrating taxonomic, functional, and strain-level profiling of diverse microbial communities with bioBakery 3},
	author={Beghini, Francesco and McIver, Lauren J and Blanco-M{\'\i}guez, Aitor and Dubois, Leonard and Asnicar, Francesco and Maharjan, Sagun and Mailyan, Ana and Thomas, Andrew Maltez and Manghi, Paolo and Valles-Colomer, Mireia and others},
	journal={bioRxiv},
	year={2020},
	publisher={Cold Spring Harbor Laboratory}
}

@article{mpa,
	title={Metagenomic microbial community profiling using unique clade-specific marker genes},
	author={Segata, Nicola and Waldron, Levi and Ballarini, Annalisa and Narasimhan, Vagheesh and Jousson, Olivier and Huttenhower, Curtis},
	journal={Nature methods},
	volume={9},
	number={8},
	pages={811--814},
	year={2012},
	publisher={Nature Publishing Group}
}

@article{kraken2,
	title={Improved metagenomic analysis with Kraken 2},
	author={Wood, Derrick E and Lu, Jennifer and Langmead, Ben},
	journal={Genome biology},
	volume={20},
	number={1},
	pages={1--13},
	year={2019},
	publisher={Springer}
}


@article{fastp,
	title={fastp: an ultra-fast all-in-one FASTQ preprocessor},
	author={Chen, Shifu and Zhou, Yanqing and Chen, Yaru and Gu, Jia},
	journal={Bioinformatics},
	volume={34},
	number={17},
	pages={i884--i890},
	year={2018},
	publisher={Oxford University Press}
}

@article{bowtie2,
	title={Fast gapped-read alignment with Bowtie 2},
	author={Langmead, Ben and Salzberg, Steven L},
	journal={Nature methods},
	volume={9},
	number={4},
	pages={357},
	year={2012},
	publisher={Nature Publishing Group}
}


@software{mag10,
	author       = {Sabrina Krakau and
	Hadrien Gourlé and
	Daniel Straub and
	Maxime Garcia and
	Maxime Borry and
	Alexander Peltzer and
	Gisela Gabernet and
	Phil Ewels and
	nf-core bot and
	Johannes Alneberg and
	Michael L Heuer},
	title        = {nf-core/mag: mag 1.1.0 - White Elephant},
	month        = oct,
	year         = 2020,
	publisher    = {Zenodo},
	version      = {1.1.0},
	doi          = {10.5281/zenodo.4068515},
	url          = {https://doi.org/10.5281/zenodo.4068515}
}

@software{pandas,
	author       = {Jeff Reback and
	Wes McKinney and
	jbrockmendel and
	Joris Van den Bossche and
	Tom Augspurger and
	Phillip Cloud and
	gfyoung and
	Sinhrks and
	Adam Klein and
	Simon Hawkins and
	Matthew Roeschke and
	Jeff Tratner and
	Chang She and
	William Ayd and
	Terji Petersen and
	MomIsBestFriend and
	Marc Garcia and
	Jeremy Schendel and
	Andy Hayden and
	Vytautas Jancauskas and
	Pietro Battiston and
	Daniel Saxton and
	Skipper Seabold and
	alimcmaster1 and
	chris-b1 and
	h-vetinari and
	Stephan Hoyer and
	Kaiqi Dong and
	Wouter Overmeire and
	Martin Winkel},
	title        = {pandas-dev/pandas: Pandas 1.0.5},
	month        = jun,
	year         = 2020,
	publisher    = {Zenodo},
	version      = {v1.0.5},
	doi          = {10.5281/zenodo.3898987},
	url          = {https://doi.org/10.5281/zenodo.3898987}
}

@software{scikit,
	author       = {Olivier Grisel and
	Andreas Mueller and
	Lars and
	Alexandre Gramfort and
	Gilles Louppe and
	Peter Prettenhofer and
	Mathieu Blondel and
	Vlad Niculae and
	Joel Nothman and
	Arnaud Joly and
	Jake Vanderplas and
	manoj kumar and
	Hanmin Qin and
	Thomas J Fan and
	Nelle Varoquaux and
	Robert Layton and
	Loïc Estève and
	Jan Hendrik Metzen and
	Nicolas Hug and
	Noel Dawe and
	Guillaume Lemaitre and
	Adrin Jalali and
	(Venkat) Raghav, Rajagopalan and
	Johannes Schönberger and
	Roman Yurchak and
	Wei Li and
	Clay Woolam and
	Kemal Eren and
	Tom Dupré la Tour and
	Eustache},
	title        = {scikit-learn/scikit-learn: scikit-learn 0.23.1},
	month        = may,
	year         = 2020,
	publisher    = {Zenodo},
	version      = {0.23.1},
	doi          = {10.5281/zenodo.3834804},
	url          = {https://doi.org/10.5281/zenodo.3834804}
}

@software{multiqc,
	author       = {Phil Ewels and
	Alexander Peltzer and
	Vlad Saveliev and
	Chuan Wang and
	Markus J. Ankenbrand and
	Chris van Run and
	Rickard Hammarén and
	Tim Booth and
	Young and
	Remi-Andre Olsen and
	Aled Jones and
	Dimitri Desvillechabrol and
	Wanding Zhou - Bioinformatics and
	Tobias Neumann and
	Sacha Laurent and
	Måns Magnusson and
	Joachim Wolff and
	Fredrik Boulund and
	alexanderscholz and
	Robin Andeer and
	Sara Sjunnebo and
	Guillermo Carrasco and
	Francesco and
	Winni Kretzschmar and
	James A. Fellows Yates and
	Daniel Klevebring and
	Lorena Pantano and
	Xin He and
	Matthias De Smet and
	Luka Jeran},
	title        = {ewels/MultiQC: MultiQC Version 1.9},
	month        = may,
	year         = 2020,
	publisher    = {Zenodo},
	version      = {v1.9},
	doi          = {10.5281/zenodo.3871828},
	url          = {https://doi.org/10.5281/zenodo.3871828}
}

@inproceedings{xgboost,
	title={Xgboost: A scalable tree boosting system},
	author={Chen, Tianqi and Guestrin, Carlos},
	booktitle={Proceedings of the 22nd acm sigkdd international conference on knowledge discovery and data mining},
	pages={785--794},
	year={2016}
}
